<?xml version="1.0" encoding="UTF-8"?>
<collection xmlns:xsi="http://www.w3.org/2001/XMLSchema-instance" xsi:schemaLocation="http://www.loc.gov/MARC21/slim http://www.loc.gov/standards/marcxml/schema/MARC21slim.xsd" xmlns="http://www.loc.gov/MARC21/slim">
<record>
  <leader>00722mam a2200205 i 4500</leader>
  <controlfield tag="001">3370496</controlfield>
  <controlfield tag="003">NNC</controlfield>
  <controlfield tag="005">20150920222944.0</controlfield>
  <controlfield tag="008">940525m19331934ua f          000 0 arard</controlfield>
  <datafield tag="035" ind1=" " ind2=" ">
    <subfield code="a">(OCoLC)ocm30494633</subfield>
  </datafield>
  <datafield tag="035" ind1=" " ind2=" ">
    <subfield code="9">AVD5531CU</subfield>
  </datafield>
  <datafield tag="035" ind1=" " ind2=" ">
    <subfield code="a">(NNC)3370496</subfield>
  </datafield>
  <datafield tag="040" ind1=" " ind2=" ">
    <subfield code="a">CUY</subfield>
    <subfield code="c">CUY</subfield>
    <subfield code="d">OCLCQ</subfield>
  </datafield>
  <datafield tag="090" ind1=" " ind2=" ">
    <subfield code="a">PJ7803.H4</subfield>
    <subfield code="b">M3 1933</subfield>
  </datafield>
  <datafield tag="100" ind1="1" ind2=" ">
    <subfield code="a">Haythamī, Nūr al-Dīn ʻAlī ibn Abī Bakr,</subfield>
    <subfield code="d">1335-1405.</subfield>
  </datafield>
  <datafield tag="245" ind1="1" ind2="0">
    <subfield code="a">Majmaʻ al-zawāʾid wa-manbaʻ al-fawāʾid /</subfield>
    <subfield code="c">li-Nūr al-Dīn ʻAlī ibn Abī Bakr al-Haythamī. Bi-taḥrīr al-Jalīlayn al-ʻIrāqī wa-Ibn Ḥajar.</subfield>
  </datafield>
  <datafield tag="260" ind1=" " ind2=" ">
    <subfield code="a">al-Qāhirah :</subfield>
    <subfield code="b">Maktabat al-Qudsī,</subfield>
    <subfield code="c">1352-1353 [1933-1934?]</subfield>
  </datafield>
  <datafield tag="300" ind1=" " ind2=" ">
    <subfield code="a">10 v. :</subfield>
    <subfield code="b">facsim.</subfield>
  </datafield>
  <datafield tag="650" ind1=" " ind2="0">
    <subfield code="a">Hadith.</subfield>
  </datafield>
  <datafield tag="955" ind1=" " ind2=" ">
    <subfield code="b">0045318492</subfield>
    <subfield code="d">glx</subfield>
    <subfield code="e">893.791 H127</subfield>
    <subfield code="v">v.3-4</subfield>
  </datafield>
</record>
</collection>